%----------------------------------------------------------------------------------------
%	REFERENCES.
%----------------------------------------------------------------------------------------
%   Examples:                   https://verbosus.com/bibtex-style-examples.html
%   Required/ optional fields:  https://en.wikibooks.org/wiki/LaTeX/Bibliography_Management


@online{TTL-CMOS,
  	author 	= {S. Sushmita},
  	title 	= {What is the difference between TTL and CMOS?},
  	year 	= 2018,
  	url 	= {https://www.quora.com/What-is-the-difference-between-TTL-and-CMOS},
  	urldate	= {2019-02-20}
}

@online{SPENVIS,
  	author 	= {{ESA - Belgian Institude for Space Aeronomy}},
  	title 	= {SPace ENVironment Information System},
  	year 	= 1997-2019,
  	url 	= {https://www.spenvis.oma.be/},
  	urldate	= {2019-02-20},
  	year	= {2018},
  	month	= {05}
}